@book{Harding2013,
title = "Machik's Complete Explanation: Clarifying the Meaning of
       	Chod",
translator = "Sarah Harding",
publisher = "Tsadra Foundation",
year = 2013}
